@article{Smans:2012:IDF:2160910.2160911,
 author = {Smans, Jan and Jacobs, Bart and Piessens, Frank},
 title = {Implicit Dynamic Frames},
 journal = {ACM Trans. Program. Lang. Syst.},
 issue_date = {April 2012},
 volume = {34},
 number = {1},
 month = may,
 year = {2012},
 issn = {0164-0925},
 pages = {2:1--2:58},
 articleno = {2},
 numpages = {58},
 url = {http://doi.acm.org/10.1145/2160910.2160911},
 doi = {10.1145/2160910.2160911},
 acmid = {2160911},
 publisher = {ACM},
 address = {New York, NY, USA},
 keywords = {Program verification, frame problem, separation logic},
} 